<record><leader>00000cas a22000007a 4500</leader><controlfield tag="001">13399323</controlfield><controlfield tag="008">860405d18621901ohuwr ne      0    0eng d</controlfield><datafield ind1=" " ind2=" " tag="010"><subfield code="a">sn 86079136 </subfield></datafield><datafield ind1=" " ind2=" " tag="040"><subfield code="a">NPU</subfield><subfield code="b">eng</subfield><subfield code="c">NPU</subfield><subfield code="d">NPV</subfield><subfield code="d">ONP</subfield><subfield code="d">DLC</subfield><subfield code="d">OCLCQ</subfield></datafield><datafield ind1=" " ind2=" " tag="042"><subfield code="a">msc</subfield></datafield><datafield ind1="0" ind2=" " tag="130"><subfield code="a">Madison County Democrat (London, Ohio : 1862)</subfield></datafield><datafield ind1="1" ind2="4" tag="245"><subfield code="a">The Madison County Democrat.</subfield></datafield><datafield ind1=" " ind2=" " tag="260"><subfield code="a">London, Ohio :</subfield><subfield code="b">M.L. Bryan,</subfield><subfield code="c">1862-1901.</subfield></datafield><datafield ind1=" " ind2=" " tag="300"><subfield code="a">v. ;</subfield><subfield code="c">60-69 cm.</subfield></datafield><datafield ind1=" " ind2=" " tag="310"><subfield code="a">Weekly</subfield></datafield><datafield ind1="0" ind2=" " tag="362"><subfield code="a">Vol. 5, no. 18 (Mar. 20, 1862)-44th year, no. 52 (Dec. 4, 1901).</subfield></datafield><datafield ind1=" " ind2=" " tag="580"><subfield code="a">Daily fair ed.: Madison County Democrat (London, Ohio : 1890).</subfield></datafield><datafield ind1=" " ind2=" " tag="752"><subfield code="a">United States</subfield><subfield code="b">Ohio</subfield><subfield code="c">Madison</subfield><subfield code="d">London.</subfield></datafield><datafield ind1="1" ind2=" " tag="775"><subfield code="t">Madison County Democrat (London, Ohio : 1890)</subfield><subfield code="w">(DLC)sn 88077510</subfield></datafield><datafield ind1="0" ind2="0" tag="780"><subfield code="t">National Democrat (London, Ohio)</subfield><subfield code="w">(DLC)sn 88077516</subfield></datafield><datafield ind1="0" ind2="0" tag="785"><subfield code="t">Semi-weekly Madison County Democrat (London, Ohio : 1901)</subfield><subfield code="w">(DLC)sn 88077517</subfield></datafield></record>